@book{book:OA,
  title     = {Objectif Agrégation},
  subtitle  = {},
  author    = {Beck, Vincent and Malick, Jérôme and Peyré, Gabriel},
  year      = {2005},
  publisher = {H \& K},
  editor    = {},
  edition   = {2},
  volume    = {},
  shorthand = {OA}
}

@book{book:MAnL3,
  title     = {Mathématiques L3, Analyse},
  subtitle  = {Cours complet avec 600 tests et exercices corrigés},
  author    = {Boumaza, Hakim and Collas, Benjamin and Collion, Stéphane and Dellinger, Marie and Faget, Zoé and Lazzarini, Laurent and Schaffhauser, Florent},
  year      = {2009},
  publisher = {Pearson Education France},
  editor    = {Marco, Jean-Pierre},
  edition   = {},
  volume    = {},
  shorthand = {MathAnL3}
}

@book{book:MAppL3,
  title     = {Mathématiques appliquées L3},
  subtitle  = {Cours complet avec 500 tests et exercices corrigés},
  author    = {Abgrall, Rémi and Abgrall, Sophie and Aussel, Didier and Dedieu, Jean-Pierre and Deviell, Robert and Dossal, Charles and Faugère, Jean-Charles and Fischer, Patrick and Gaborit, Philippe and Khadra, Kodor and Le~Roux, Marie-Noëlle and Maréchal, Pierre and Pesneau, Pierre and Safey~El~Din, Mohab and Thieullen, Philippe and Weil, Jacques-Arthur and Yger, Alain},
  publisher = {Pearson Education France},
  editor    = {Yger, Alain and Weil, Jacques-Arthur},
  edition   = {},
  year      = {2009},
  volume    = {},
  shorthand = {AthAppL3}
}

@book{book:MAlL3,
  title     = {Mathématiques L3, Algèbre},
  author    = {Arnault, François and Bailly-Maitre, Gilles and Benjamin, Yves and du~Bois, Philippe and Ducos, Lionel and Galateau, Aurélien and Lombardi, Henri and Poirier, Cécile and Quitté, Claude and Rebout, Maxime and Romagny, Matthieu and Roques, Julien},
  subtitle  = {Cours complet avec 400 tests et exercices corrigés},
  year      = {2009},
  publisher = {Pearson Education France},
  editor    = {Szpirglas, Aviva},
  edition   = {},
  volume    = {},
  shorthand = {MathAlL3}
}

@book{book:Szpir,
  title     = {Exercices d'algèbre},
  subtitle  = {},
  author    = {Szpirglas, Aviva},
  year      = {2001},
  publisher = {Cassini},
  editor    = {},
  edition   = {},
  volume    = {},
  shorthand = {Szpir}
}

@book{book:Rud,
  title     = {Analyse réelle et complexe},
  subtitle  = {Cours et exercices},
  author    = {rudin, Walter},
  year      = {1998},
  publisher = {Dunod},
  editor    = {},
  edition   = {3},
  volume    = {},
  shorthand = {Rud}
}

@book{book:Rou,
  title     = {Petit guide du calcul différentiel à l'usage de la licence et de l'agrégation},
  subtitle  = {},
  author    = {Rouvière, François},
  year      = {2003},
  publisher = {Cassini},
  editor    = {},
  edition   = {2},
  volume    = {},
  shorthand = {PGCD}
}

@book{book:QZ,
  title     = {Analyse pour l'agrégation},
  subtitle  = {Cours et exercices corrigés},
  author    = {Queffélec, Hervé and Zuily, Claude},
  year      = {2013},
  publisher = {Dunod},
  editor    = {},
  edition   = {4},
  volume    = {},
  shorthand = {Q-Z}
}

@book{book:Queff,
  title     = {Topologie},
  subtitle  = {Cours et exercices corrigés},
  author    = {Queffélec, Hervé},
  year      = {2012},
  publisher = {Dunod},
  editor    = {},
  edition   = {4},
  volume    = {},
  shorthand = {Queff}
}

@book{book:Per,
  title     = {Cours d'algèbre},
  subtitle  = {},
  author    = {Perrin, Daniel},
  year      = {1996},
  publisher = {Dunod},
  editor    = {Moisan, Jacques},
  edition   = {4},
  volume    = {},
  shorthand = {Per}
}

@book{book:MM,
  title     = {Algèbre linéaire. Réduction des endomorphismes},
  subtitle  = {Cours \& exercices corrigés},
  author    = {Mansuy, Roger and Mneimné, Rached},
  year      = {2012},
  publisher = {Vuibert},
  editor    = {},
  edition   = {},
  volume    = {},
  shorthand = {M-M}
}

@book{book:70dev,
  title     = {70 développements possibles pour l'agrégation de mathématiques},
  subtitle  = {},
  author    = {Lavigne, Florian},
  year      = {2018},
  publisher = {Ellipses},
  editor    = {},
  edition   = {},
  volume    = {},
  shorthand = {70Devs}
}

@book{book:Hauch,
  title     = {Les contre-exemples en mathématiques},
  subtitle  = {},
  author    = {Hauchecorne, Bertrand},
  year      = {2007},
  publisher = {Ellipses},
  editor    = {},
  edition   = {2},
  volume    = {},
  shorthand = {Hauch}
}

@book{book:Grif,
  title     = {Algèbre linéaire},
  subtitle  = {},
  author    = {Grifone, Joseph},
  year      = {2011},
  publisher = {Cépaduès},
  editor    = {},
  edition   = {2},
  volume    = {},
  shorthand = {Grif}
}

@book{book:GouAn,
  title     = {Les maths en tête},
  subtitle  = {Analyse},
  author    = {Gourdon, Xavier},
  year      = {2008},
  publisher = {Ellipses},
  editor    = {},
  edition   = {2},
  volume    = {},
  shorthand = {GouAn}
}

@book{book:GouAl,
  title     = {Les maths en tête},
  subtitle  = {Algèbre},
  author    = {Gourdon, Xavier},
  year      = {2009},
  publisher = {Ellipses},
  editor    = {},
  edition   = {2},
  volume    = {},
  shorthand = {GouAl}
}

@book{book:FGNAn2,
  title     = {Exercices de mathématiques des oraux de l'École polytechnique et des Écoles normales supérieures},
  subtitle  = {Analyse},
  author    = {Francinou, Serge and Gianella, Hervé and Nicolas, Serge},
  year      = {2009},
  publisher = {Cassini},
  editor    = {},
  edition   = {2},
  volume    = {2},
  shorthand = {FGNAn2}
}

@book{book:FGNAn1,
  title     = {Exercices de mathématiques des oraux de l'École polytechnique et des Écoles normales supérieures},
  subtitle  = {Analyse},
  author    = {Francinou, Serge and Gianella, Hervé and Nicolas, Serge},
  year      = {2007},
  publisher = {Cassini},
  editor    = {},
  edition   = {2},
  volume    = {1},
  shorthand = {FGNAn1}
}

@book{book:FGNAn3,
  title     = {Exercices de mathématiques des oraux de l'École polytechnique et des Écoles normales supérieures},
  subtitle  = {Analyse},
  author    = {Francinou, Serge and Gianella, Hervé and Nicolas, Serge},
  year      = {2007},
  publisher = {Cassini},
  editor    = {},
  edition   = {2},
  volume    = {3},
  shorthand = {FGNAn3}
}

@book{book:FGNAn4,
  title     = {Exercices de mathématiques des oraux de l'École polytechnique et des Écoles normales supérieures},
  subtitle  = {Analyse},
  author    = {Francinou, Serge and Gianella, Hervé and Nicolas, Serge},
  year      = {2007},
  publisher = {Cassini},
  editor    = {},
  edition   = {2},
  volume    = {4},
  shorthand = {FGNAn4}
}

@book{book:FGNAl3,
  title     = {Exercices de mathématiques des oraux de l'École polytechnique et des Écoles normales supérieures},
  subtitle  = {Algèbre},
  author    = {Francinou, Serge and Gianella, Hervé and Nicolas, Serge},
  year      = {2008},
  publisher = {Cassini},
  editor    = {},
  edition   = {2},
  volume    = {3},
  shorthand = {FGNAl3}
}

@book{book:FGNAl2,
  title     = {Exercices de mathématiques des oraux de l'École polytechnique et des Écoles normales supérieures},
  subtitle  = {Algèbre},
  author    = {Francinou, Serge and Gianella, Hervé and Nicolas, Serge},
  year      = {2009},
  publisher = {Cassini},
  editor    = {},
  edition   = {2},
  volume    = {2},
  shorthand = {FGNAl2}
}

@book{book:FGNAl1,
  title     = {Exercices de mathématiques des oraux de l'École polytechnique et des Écoles normales supérieures},
  subtitle  = {Algèbre},
  author    = {Francinou, Serge and Gianella, Hervé and Nicolas, Serge},
  year      = {2001},
  publisher = {Cassini},
  editor    = {},
  edition   = {2},
  volume    = {1},
  shorthand = {FGNAl1}
}

@book{book:Far,
  title     = {Calcul intégral},
  subtitle  = {},
  author    = {Faraut, Jacques},
  year      = {2006},
  publisher = {EDP Sciences},
  editor    = {Guin, Daniel},
  edition   = {},
  volume    = {},
  shorthand = {Far}
}

@book{book:CG2,
  title     = {Histoires hédonistes de groupes et de géométries},
  subtitle  = {},
  author    = {Caldero, Philippe and Germoni, Jérôme},
  year      = {2015},
  publisher = {Calvage \& Mounet},
  editor    = {},
  edition   = {},
  volume    = {2},
  shorthand = {H2G2-2}
}

@book{book:CG1,
  title     = {Histoires hédonistes de groupes et de géométries},
  subtitle  = {},
  author    = {Caldero, Philippe and Germoni, Jérôme},
  year      = {2013},
  publisher = {Calvage \& Mounet},
  editor    = {},
  edition   = {},
  volume    = {1},
  shorthand = {H2G2-1}
}

@book{book:NCG1,
  title     = {Nouvelles histoires hédonistes de groupes et de géométries},
  subtitle  = {},
  author    = {Caldero, Philippe and Germoni, Jérôme},
  year      = {2017},
  publisher = {Calvage \& Mounet},
  editor    = {},
  edition   = {},
  volume    = {1},
  shorthand = {NH2G2-1}
}


@book{book:BP,
  title     = {Théorie de l'intégration},
  subtitle  = {Cours \& exercices},
  author    = {Briane, Marc and Pagès, Gilles},
  year      = {2013},
  publisher = {Vuibert},
  editor    = {},
  edition   = {4},
  volume    = {},
  shorthand = {B-P}
}

@book{book:Bern40,
  title     = {Analyse pour l'agrégation de mathématiques},
  subtitle  = {40 développements},
  author    = {Bernis, Julien and Bernis, Laurent},
  year      = {2018},
  publisher = {Ellipses},
  editor    = {},
  edition   = {},
  volume    = {},
  shorthand = {Bern40}
}

@book{book:Romb,
  title     = {Mathématiques pour l'agrégation - Algèbre et géométrie},
  subtitle  = {Éléments de cours avec près de 300 exercices corrigés},
  author    = {Rombaldi, Jean-Étienne},
  year      = {2021},
  publisher = {De Boeck Supérieur},
  editor    = {},
  edition   = {2},
  volume    = {},
  shorthand = {Romb}
}

@book{book:Tiss,
  title     = {Géométrie affine, projective et euclidienne},
  subtitle  = {},
  author    = {Tisseron, Claude},
  year      = {2001},
  publisher = {Hermann},
  editor    = {},
  edition   = {},
  volume    = {},
  shorthand = {Tiss}
}

@book{book:Ber,
  title     = {Équations différentielles},
  subtitle  = {},
  author    = {Berthelin, Florent},
  year      = {2017},
  publisher = {Cassini},
  editor    = {},
  edition   = {},
  volume    = {},
  shorthand = {Berth}
}

@book{book:Bre,
  title     = {Analyse fonctionnelle},
  subtitle  = {Théorie et applications},
  author    = {Brezis, Haïm},
  year      = {1987},
  publisher = {Masson},
  editor    = {Ciarlet, Philippe G. and Lions, Jacques-Louis},
  edition   = {2},
  volume    = {},
  shorthand = {Brez}
}

@book{book:Zav,
  title     = {Un max de maths},
  subtitle  = {Problèmes pour agrégatifs et mathématiciens, en herbe ou confirmés},
  author    = {Zavidovique, Maxime},
  year      = {2013},
  publisher = {Calvage \& Mounet},
  editor    = {},
  edition   = {},
  volume    = {},
  shorthand = {Zav}
}

@book{book:131devs,
  title     = {131 développements pour l'oral},
  subtitle  = {Agrégation externe de mathématiques/informatique},
  author    = {Lesesvre, Didier and Montagnon, Pierre and Le~Barbechon, Pierre and Pierron, Théo},
  year      = {2020},
  publisher = {Dunod},
  editor    = {},
  edition   = {},
  volume    = {},
  shorthand = {131Devs}
}

@book{book:Aud,
  title     = {Géométrie},
  subtitle  = {},
  author    = {Audin, Michèle},
  year      = {2006},
  publisher = {EDP Sciences},
  editor    = {},
  edition   = {},
  volume    = {},
  shorthand = {Aud}
}

@book{book:DuRez,
  title     = {Exercices de mathématiques},
  subtitle  = {Centrale-Supélec, Mines-Ponts, \'Ecole Polytechnique et ENS. MP-MP*},
  author    = {Dugardin, Thierry and Rezzouk, Marc},
  year      = {2015},
  publisher = {Dunod},
  editor    = {},
  edition   = {},
  volume    = {},
  shorthand = {DuRez}
}

@book{book:Tauv,
  title     = {Corps commutatifs et théorie de Galois},
  subtitle  = {Cours et exercices},
  author    = {Tauvel, Patrice},
  year      = {2008},
  publisher = {Calvage \& Mounet},
  edition   = {Nouvelle édition, revue et corrigée},
  editor    = {},
  volume    = {},
  shorthand = {Tauvel}
}

@book{book:Dem,
  title     = {Cours d'algèbre},
  subtitle  = {},
  author    = {Demazure, Michel},
  year      = {2008},
  publisher = {Cassini},
  editor    = {},
  edition   = {},
  volume    = {},
  shorthand = {Dem}
}

@book{book:Fil,
  title     = {Analyse numérique},
  subtitle  = {Algorithme et étude mathématique},
  author    = {Filbet, Francis},
  year      = {2013},
  publisher = {Dunod},
  editor    = {},
  edition   = {2},
  volume    = {},
  shorthand = {Filbet}
}

@book{book:RomMat,
  title     = {Analyse matricielle},
  subtitle  = {Cours et exercices résolus},
  author    = {Rombaldi, Jean-\'Etienne},
  year      = {2019},
  publisher = {EDP Sciences},
  editor    = {},
  edition   = {2},
  volume    = {},
  shorthand = {RombMat}
}

@book{book:Ciar,
  title     = {Introduction à l'analyse numérique matricielle et à l'optimisation},
  subtitle  = {},
  author    = {Ciarlet, Philippe G.},
  year      = {1988},
  publisher = {Masson},
  editor    = {Ciarlet, Philippe G. and Lions, Jacques-Louis},
  edition   = {3},
  volume    = {},
  shorthand = {Ciarlet}
}

@book{book:DrevLhab,
  title     = {Leçons pour l'agrégation de mathématiques},
  subtitle  = {Préparation à l'oral},
  author    = {Dreveton, Maximilien and Lhabouz, Joachim},
  year      = {2017},
  publisher = {Ellipses},
  editor    = {},
  edition   = {},
  volume    = {},
  shorthand = {DervLhab}
}

@book{book:Avez,
  title     = {Calcul différentiel},
  subtitle  = {},
  author    = {Avez, André},
  year      = {1997},
  publisher = {Masson},
  editor    = {Dieudonné, Jean and Malliavin, Paul},
  edition   = {2},
  volume    = {},
  shorthand = {Avez}
}

@book{book:ElAm,
  title     = {Analyse de Fourier dans les espaces fonctionnels},
  subtitle  = {Niveau M1},
  author    = {El Amrani, Mohammed},
  year      = {2008},
  publisher = {Ellipses},
  editor    = {Marle, Charles-Michel and Pilibossian, Philippe},
  edition   = {},
  volume    = {},
  shorthand = {ElAm}
}

@book{book:Ulmer,
  title     = {Anneaux, corps, résultants},
  subtitle  = {Algèbre pour L3/M1/agrégation},
  author    = {Ulmer, Félix},
  year      = {2018},
  publisher = {Ellipses},
  editor    = {},
  edition   = {},
  volume    = {},
  shorthand = {Ulmer}
}